% Encoding: UTF-8

@Article{Grandini_2004,
  author    = {Nádia Alves Grandini and Carlos Roberto Grandini},
  title     = {Os objetivos do laboratório didático na visão dos alunos do curso de Licenciatura em Física da UNESP-Bauru},
  journal   = {Revista Brasileira de Ensino de Física},
  year      = {2004},
  volume    = {26},
  number    = {3},
  pages     = {251--256},
  doi       = {10.1590/s0102-47442004000300011},
  file      = {Artigo:a11v26n3.pdf:PDF},
  issn      = {1806--1117},
  language  = {pt},
  publisher = {scielo},
}

@Article{Marineli_2006,
  author    = {Fábio Marineli and Jesuína Lopes de Almeida Pacca},
  title     = {Uma interpretação para dificuldades enfrentadas pelos estudantes em um laboratório didático de física},
  journal   = {Revista Brasileira de Ensino de Física},
  year      = {2006},
  volume    = {28},
  number    = {4},
  pages     = {497--505},
  month     = {00},
  doi       = {10.1590/s1806-11172006000400012},
  file      = {Artigo:a12v28n4.pdf:PDF},
  issn      = {1806-1117},
  language  = {pt},
  publisher = {{FapUNIFESP} ({SciELO})},
  review    = {tyrytrytrytry},
}

@Article{Rosa2003,
  author   = {Cleci Werner da Rosa},
  title    = {Concepções teórico-metodológicas no laboratório didático de Física na Universidade de Passo Fundo},
  journal  = {Ensaio Pesquisa em Educação em Ciências},
  year     = {2003},
  volume   = {5},
  number   = {2},
  abstract = {O presente texto consiste na reflexão acerca do processo ensino-aprendizagem da Física no âmbito das atividades práticas/experimentais desenvolvidas em laboratório didático<br />nos cursos de graduação da Universidade de Passo Fundo. O objetivo principal consiste em elucidar as concepções teórico-metodológicas dos professores de Física desta instituição que utilizam aulas práticas/experimentais na sua ação docente. Fundamenta-se tal estudo na perspectiva dos processos cognoscitivos de aprendizagem, no processo de transposição didática e na identificação do laboratório em questão frente aos tipos de laboratório e às abordagens dadas no ensino de Física experimental do Brasil. A investigação decorre de entrevistas semi-estruturadas cujos dados coletados apontaram que o grupo de professores investigado atribui significativa importância às aulas práticas/experimentais e que tais atividades têm possibilitado a apropriação dos conceitos e fenômenos físicos.},
  file     = {Artigo:62-243-1-PB.pdf:PDF},
  issn     = {1983-2117},
  url      = {http://www.portal.fae.ufmg.br/seer/index.php/ensaio/article/view/62},
}

@InCollection{OliveiraZanetti2015,
  author    = {Cláudio Vieira Oliveira and Humberto Piovesana Zanetti},
  title     = {Arduino},
  booktitle = {Arduino Descomplicado - Como Elaborar Projetos de Eletrônica},
  publisher = {Érica},
  year      = {2015},
  chapter   = {1},
  pages     = {18--38},
  url       = {https://online.minhabiblioteca.com.br/books/9788536518114/pageid/17},
}

@Article{Wing_2008,
  author    = {J. M Wing},
  title     = {Computational thinking and thinking about computing},
  journal   = {Philosophical Transactions of the Royal Society A: Mathematical, Physical and Engineering Sciences},
  year      = {2008},
  volume    = {366},
  number    = {1881},
  pages     = {3717--3725},
  month     = {oct},
  doi       = {10.1098/rsta.2008.0118},
  file      = {:Wing08a.pdf:PDF},
  publisher = {The Royal Society},
}

@InProceedings{Zanetti_2015,
  author    = {Humberto Zanetti and Claudio Oliveira},
  title     = {Pr{\'{a}}ticas de ensino de Programa{\c{c}}{\~{a}}o de Computadores com Rob{\'{o}}tica Pedag{\'{o}}gica e aplica{\c{c}}{\~{a}}o de Pensamento Computacional},
  booktitle = {Anais dos Workshops do {IV} Congresso Brasileiro de Inform{\'{a}}tica na Educa{\c{c}}{\~{a}}o ({CBIE} 2015)},
  year      = {2015},
  month     = {oct},
  publisher = {Comissao Especial de Informatica na Educacao},
  doi       = {10.5753/cbie.wcbie.2015.1236},
  file      = {:6268-7723-1-PB.pdf:PDF},
}

@Book{RodriguesCunha2014,
  title     = {Textos de Apoio ao Professor de Física},
  publisher = {UFRGS, Instituto de Física},
  year      = {2014},
  author    = {Rafael Frank de Rodrigues and Silvio Luiz Souza Cunha},
  volume    = {25},
  number    = {4},
  series    = {Arduino para físicos: uma ferramenta prática para aquisição de dados automáticos.},
  address   = {Porto Alegre},
  file      = {:rodrigues_v25_n4.pdf:PDF},
  url       = {https://www.if.ufrgs.br/public/tapf/rodrigues_v25_n4.pdf},
}

@Article{Souza_2011,
  author    = {Anderson R. de Souza and Alexsander C. Paixão and Diego D. Uzêda and Marco A. Dias and Sergio Duarte and Helio S. de Amorim},
  title     = {A placa Arduino: uma opção de baixo custo para experiências de física assistidas pelo PC.},
  journal   = {Revista Brasileira de Ensino de Física},
  year      = {2011},
  volume    = {33},
  number    = {1},
  pages     = {01--05},
  month     = {mar},
  doi       = {10.1590/S1806-11172011000100026},
  file      = {:26.pdf:PDF},
  publisher = {{FapUNIFESP} ({SciELO})},
}

@Article{Andrades_2013,
  author    = {José Carlos Andrades and Aridio Schiappacassa and Péricles Freire dos Santos},
  title     = {Desenvolvimento de um periodímetro microcontrolado para aplicações em física experimental.},
  journal   = {Revista Brasileira de Ensino de Física},
  year      = {2013},
  volume    = {35},
  number    = {2},
  pages     = {1--11},
  month     = {jun},
  doi       = {10.1590/S1806-11172013000200023},
  publisher = {{FapUNIFESP} ({SciELO})},
}

@Book{Resnick2012v1,
  title     = {Fundamento de Física: Mecânica},
  publisher = {LTC},
  year      = {2012},
  author    = {Halliday, David and Resnick, Robert and Walker, Jearl},
  volume    = {1},
  edition   = {9},
  owner     = {roberto},
}

@Book{Moyses2013v1,
  title     = {Curso de Física Básica: Mecânica},
  publisher = {Blucher},
  year      = {2013},
  author    = {H. Moysés Nussenveig},
  volume    = {1},
  edition   = {5},
  owner     = {roberto},
  timestamp = {2015.07.17},
}

@Comment{jabref-meta: databaseType:bibtex;}
